@inproceedings{kurtisi2008wavpack,
  author       = {Zefir Kurtisi and Lars Wolf},
  title        = {Using WavPack for Real-Time Audio Coding in Interactive Applications},
  booktitle    = {2008 IEEE International Conference on Multimedia \& Expo (ICME)},
  year         = {2008},
  month        = jun, 
  doi          = {10.1109/ICME.2008.4607701},
  publisher    = {IEEE},
  address      = {Hanover, Germany}
}


@misc{rfc9639,
  title        = {Free Lossless Audio Codec (FLAC)},
  author       = {{M.\,Q.\,C.\ van Beurden} and A. Weaver},
  howpublished = {RFC 9639, Internet Engineering Task Force (IETF)},
  series       = {Request for Comments},
  number       = {9639},
  month        = dec,
  year         = {2024},
  note         = {Proposed Standard},
  doi          = {10.17487/RFC9639},
}


@book{oppenheim2013discrete,
  author    = {Alan V. Oppenheim and Ronald W. Schafer},
  title     = {Discrete-Time Signal Processing},
  edition   = {3},
  publisher = {Pearson International},
  year      = {2013},
  isbn      = {978-1-292-02572-8},
  note      = {Pearson New International Edition; electronic ISBN 978-1-292-03815-5; 1056 pp},
}


@misc{knapp2023bituebertragung,
  author       = {Steffen Knapp and Christoph Karls},
  title        = {Rechnernetze 1 -- Kapitel 1: Bitübertragungsschicht (Physical Layer)},
  howpublished = {Lecture slides, Hochschule für Technik und Wirtschaft des Saarlandes},
  year         = {2023}
}

@misc{roberts_dft_slides,
  author = {Roberts, Stephen},
  title = {Lecture 7 - The Discrete {Fourier} Transform},
  year = {2003},
  howpublished = {Course Lecture Slides},
  institution = {University of Oxford},
  note = {Signal Processing \& Filter Design, B3 Option, Michaelmas Term 2003},
  url = {https://www.robots.ox.ac.uk/~sjrob/Teaching/SP/l7.pdf}
}

@book{waggener1995pulse,
  title={Pulse Code Modulation Techniques: With Applications in Communications and Data Recording},
  author={Waggener, William N.},
  isbn={9780442014360},
  series={Electrical Engineering},
  year={1995},
  publisher={Van Nostrand Reinhold}
}

@book{sws1,
   author={Steven, W., Smith},
   year=1997,
   title={The Scientist and Engineer's Guide to Digital Signal Processing},
   publisher={California Technical Pub}
}

@article{gzmk,
  author = {Teddy, Surya Gunawan and M. Khalif Mat Zain and Fathiah Abdul Muin and Mira Kartiwi},
  journal = {Indonesian Journal of Electrical Engineering and Computer Science},
  number = {2},
  title = {Investigation of Lossless Audio Compre4ssion using IEEE 1857.2 Advanced Audio Coding},
  volume = {6},
  year = {2017},
  pages = {422},
  doi = {10.11591/ijeecs.v6.i2.pp422-430}
}

@article{dolequez,
  author = {Gordana, Jovanovic Dolecek and Alfonso Fernandez-Vazquez},
  journal = {Computación y Sistemas},
  number = {2},
  title = {Understanding Discrete Time Convolution: A Demo Program Approach},
  volume = {25},
  year = {2021},
  pages = {361-367},
  doi = {10.13053/CyS-25-2-322}
}
